@Book{Cousot21-book,
  author    = "Cousot, Patrick",
  title     = {Principles of {A}bstract {I}nterpretation},
  publisher = "MIT Press",
  month     =  sep,
  year      =  2021
}